<?xml version="1.0" encoding="UTF-8"?><collection xmlns="http://www.loc.gov/MARC21/slim"><record><leader>00529nam--2200181-i-4500</leader><controlfield tag="001">000026581</controlfield><controlfield tag="002">20161230</controlfield><controlfield tag="005">20161230201036</controlfield><controlfield tag="008">060222s1000------------r-----000-0-eng-d</controlfield><datafield ind1=" " ind2=" " tag="040"><subfield code="a">IFIN-HH</subfield></datafield><datafield ind1=" " ind2=" " tag="080"><subfield code="a">536</subfield></datafield><datafield ind1="1" ind2=" " tag="100"><subfield code="a">Kays, W.M</subfield></datafield><datafield ind1="1" ind2="0" tag="245"><subfield code="a">Compact heat exchangers</subfield><subfield code="b">A summary of basic heat transfer and flow friction design data</subfield><subfield code="c">W.m. kays; a.l. london</subfield></datafield><datafield ind1=" " ind2=" " tag="260"><subfield code="a">New York</subfield><subfield code="b">Mcgraw-hill Book Company, Inc</subfield><subfield code="c">1958</subfield></datafield><datafield ind1=" " ind2=" " tag="300"><subfield code="a">XII + 156P</subfield></datafield><datafield ind1="1" ind2=" " tag="700"><subfield code="a">London, A.L</subfield></datafield><datafield ind1=" " ind2=" " tag="852"><subfield code="a">14812</subfield><subfield code="c">536</subfield></datafield><datafield ind1=" " ind2=" " tag="CAT"><subfield code="a">Sys</subfield><subfield code="c">20110503</subfield><subfield code="h">144614</subfield></datafield></record></collection>